@inproceedings{8727728,
  author={D. A. Hapidin and M. Z. P. Hernawan and F. Krisnanto and A. Syahbana and M. I. Fiordi and M. M. Munir and K. Khairurrijal},
  title={The Study of Velocity Measurement Using Single Light Dependent Resistor (LDR) Sensor},
  booktitle={3rd International Seminar on Sensors, Instrumentation, Measurement and Metrology (ISSIMM), 2018},
  location = {Bandung, Indonesia},
  year={2018},
  pages={111--114},
}

@inproceedings{Atmaja_2021,
    year = {2021},
    author = {J. F. T. Atmaja and M. W. Sari and P. W. Ciptadi},
    booktitle = {Second UPY International Conference on Applied Science and Education (2nd UPINCASE), 3-4 November 2020},
    title = {Developing application of automatic lamp control and monitoring system using internet of things},
    location = {Yogyakarta, Indonesia},
    pages={1--10},
}

@inproceedings{9012376,
  author={N. Yashaswini and N. Raghu and S. Yashaswini and G. Prathib Kumar},
  booktitle={2018 3rd IEEE International Conference on Recent Trends in Electronics, Information \& Communication Technology (RTEICT)}, 
  title={Automatic Street Light Control by Detecting Vehicle Movement},
  year={2018},
  volume={},
  number={},
  pages={847-850},
  keywords={Roads;Sensors;Lighting;Switches;Microcontrollers;Light emitting diodes;High Intensity Light;Low Intensity Light;Light Emitting Diode;Pulse Width Modulation},
  doi={10.1109/RTEICT42901.2018.9012376}
}

@article{gurav2018movement,
  title={Movement Sensing Street Lighting},
  author={S. Gurav and H. Rathod and H. Shah and N. Rathod},
  journal={International Journal on Recent and Innovation Trends in Computing and Communication},
  volume={Volume:6, },
  number={Issue:4},
  pages={60--62},
  year={2018}
}


@article{khan2021movement,
  title={Movement aware smart street-lights for efficient energy utilisation: movement aware smart street-lights for efficient energy utilisation},
  author = {M. S. Khan and A. Qadeem and F. Ali and B. Naeem and B. Shabbir and R. Ali and M. S. Ali},
  journal={Proceedings of the Pakistan Academy of Sciences: A. Physical and Computational Sciences},
  volume={Volume:58, },
  number={Issue:1},
  pages={77--84},
  year={2021}
}

@article{putrada2022machine,
  title={Machine learning methods in smart lighting toward achieving user comfort: a survey},
  author={A. G. Putrada and M. Abdurohman and D. Perdana and H. H. Nuha},
  journal={IEEE access},
  volume={Volume:10, },
  number={Issue:1},
  pages={45137--45178},
  year={2022},
}

@article{ccavacs2019review,
  title={A review advancement of security alarm system using internet of things (IoT)},
  author={M. Cavas and M. A. Baballe},
  journal={International Journal of New Computer Architectures and their Applications (IJN  CAA)},
  volume={Volume:9, },
  number={Issue:2},
  pages={38--49},
  year={2019}
}

@article{mustafa2023measuring,
  title={Measuring the Voltage, Current and Resistance of the LDR Sensor through the Arduino UNO},
  author={K. R. Mustafa and R. M. Mustafa and R. M. Ramadani},
  journal={Asian Journal of Research in Computer Science},
  volume={Volume:16, },
  number={Issue:4},
  pages={211--222},
  year={2023}
}

@inproceedings{10596146,
  author={M. K. Hossain},
  booktitle={2024 IEEE International Conference on Advanced Systems and Emergent Technologies (IC\_ASET)}, 
  title={Smart \& Scalable Lighting System Using Motion Sensors, Light Dependent Resistors and ESP8266 Controller Board}, 
  year={2024},
  location={Hammamet, Tunisia},
  pages={1-6},
}

@inproceedings{9667610,
  author={V. Kumar and P. Sharma and K. Kamaldeep},
  booktitle={2021 IEEE 8th Uttar Pradesh Section International Conference on Electrical, Electronics and Computer Engineering (UPCON)}, 
  title={Smart Lighting System Using Arduino}, 
  year={2021},
  location={Dehradun, Uttarakhand, India},
  pages={1-5},
}

@article{venu2023iot,
  title={IoT based Real Time Street Lights controlling on Motion Detection},
  author={N. Venu},
  journal={European Chemical Bulletin},
  volume={Volume:12, },
  number={Issue:9},
  pages={270--287},
  year={2023}
}

@misc{nofziger_photocell_introduction,
  author = {M. Nofziger},
  title = {Photocell Introduction},
  note = {Erişim Tarihi: 2024-11-04}
}


@article{10147053,
  author={H. R. O. Rocha and R. Natale and A. C. Estevão and D. M. Louzada and A. G. Leal-Junior and S. A. Dargham},
  journal={IEEE Sensors Journal}, 
  title={Machine Learning Method and Visible Light-Based Sensors for Multiinterface Level Measurement}, 
  year={2023},
  volume={Volume:23, },
  number={Issue:14},
  pages={16393-16401},
}

@book{khan2005introduction,
  title={Introduction to Electrical , Electronics and Communication Engineering},
  author={A. Khan},
  year={2005},
  edition={1st Ed},
  publisher={Laxmi Publications}
}

@manual{perkinelmer2001,
  title        = {Photoconductive Cells and Analog Optoisolators (Vactrols$\circledR$)},
  author       = {PerkinElmer Optoelectronics},
  year         = {2001},
}

@mastersthesis{nagesh1979photoconductivity,
  author       = {N. Challa},
  title        = {Photoconductivity and Photovoltaic Studies on Some II-VI Compounds},
  year         = {1979},
  school       = {Western Michigan University, Master of Arts},
}

@misc{TokenPGMPhotoresistor,
  author       = {Token Electronics},
  title        = {PGM CDS Photoresistors},
  url          = {http://www.direct-token.com/en/resistors/resistors-cds.htm},
  note         = {Erişim Tarihi: 2024-12-21}
}

@book{nielsen2015neural,
  title     = {Neural Networks and Deep Learning},
  author    = {M. A. Nielsen},
  year      = {2015},
  edition   = {1st edition},
  publisher = {Determination Press},
}

@article{krenker2011introduction,
  title={Introduction to the artificial neural networks},
  author={A. Krenker and J. Be{\v{s}}ter and A. Kos},
  journal={Artificial Neural Networks: Methodological Advances and Biomedical Applications. InTech},
  pages={1--18},
  year={2011}
}

@inproceedings{StochasticLeon,
    author = {L. Bottou},
    year = {2010},
    pages = {177-186},
    title = {Large-Scale Machine Learning with Stochastic Gradient Descent},
    booktitle = {Proc. of COMPSTAT},
    location = {Paris, France}
}

@inproceedings{kingma2017adammethodstochasticoptimization,
      title={Adam: A Method for Stochastic Optimization}, 
      booktitle = {ICLR 2015},
      author={D. P. Kingma and J. L. Ba},
      year={2014},
      location = {San Diego, CA, USA}
}

@inproceedings{IoTBig,
    author = {P. Mudholkar and M. Mudholkar},
    year = {2020},
    booktitle = {International Journal of Management, Technology And Engineering},
    title = {Internet of Things (IoT) and Big Data: A Review},
    location = {India}
}

@book{PaterrecogBishop,
    author = {C. M. Bishop},
    publisher = {Springer New York, NY},
    year = {2006},
    title = {Pattern Recognition and Machine Learning},
    edition = {4th Ed}
}

@book{machinelearning:2012,
    author = {K. P. Murphy},
    publisher = {The MIT Press},
    year = {2012},
    title = {Machine Learning: A Probabilistic Perspective},
    edition = {1st Ed},
}

@article{trainrecneural,
    author = {R. Pascanu and T. Mikolov and Y. Bengio},
    year = {2012},
    pages = {1310-1318},
    title = {On the difficulty of training Recurrent Neural Networks},
    journal = {30th International Conference on Machine Learning, ICML 2013},
    volume={Volume:28, },
    number={Issue:3},
}

@article{CNN_object,
  author={J. M. Gandarias and A. J. García-Cerezo and J. M. Gómez-de-Gabriel},
  journal={IEEE Sensors Journal}, 
  title={CNN-Based Methods for Object Recognition With High-Resolution Tactile Sensors}, 
  year={2019},
  volume={Volume:19, },
  number={Issue:16},
  pages={6872-6882},
}


@book{CMOS_SAR,
    author = {R. J. Baker},
    publisher = {Wiley},
    year = {2010},
    title = {CMOS: Circuit Design, Layout, and Simulation},
    edition = {3rd Ed}
}

@book{FiniteDiff,
    title={The Mathematics of Financial Derivatives: A Student Introduction},
    publisher={Cambridge University Press},
    author={P. Wilmott and S. Howison and J. Dewynne},
    year={2009},
    edition = {15th Ed}
}

@misc{weisstein_rms,
    author    = {E. W. Weisstein},
    title     = {Root-Mean-Square},
    url       = {https://mathworld.wolfram.com/Root-Mean-Square.html},
    note      = {Erişim Tarihi: 2024-12-30}
}

@misc{weisstein_arithmeticmean,
    author    = {E. W. Weisstein},
    title     = {Arithmetic Mean},
    url       = {https://mathworld.wolfram.com/ArithmeticMean.html},
    note      = {Erişim Tarihi: 2024-12-30}
}

@misc{kanun7263,
  title        = {Kanun No. 7263},
  author       = {Türkiye Cumhuriyeti Resmi Gazete},
  url          = {https://www.resmigazete.gov.tr/eskiler/2021/02/20210203-11.htm},
  note         = {Erişim Tarihi: 2024-12-30}
}


@misc{bluetooth2007core,
  author       = {Bluetooth SIG},
  title        = {Bluetooth Core Specification v2.0 + EDR},
  url          = {https://www.bluetooth.com/specifications/specs/core-specification-2-0-edr/},
  note = {Erişim Tarihi: 2024-12-31}
}

@book{gaussian,
  title={Machine Vision: Theory, Algorithms, Practicalities},
  author={E. R. Davies},
  year={2014},
  publisher={Academic Press},
  edition = {2nd Ed}
}

@misc{BFSK,
  author       = {Texas Instruments},
  title        = {FSK Modulation and Demodulation With the MSP430 Microcontroller (TI)},
  url          = {https://e2e.ti.com/cfs-file/__key/communityserver-discussions-components-files/166/slaa037.pdf},
  note = {Erişim Tarihi: 2024-12-31}
}

@incollection{EMA,
    title = {Quality control},
    author = {S. M. Ross},
    booktitle = {Introduction to Probability and Statistics for Engineers and Scientists},
    publisher = {Academic Press},
    edition = {6th Ed},
    year = {2021},
}

@book{stewart2016calculusmaxmin,
  author    = {J. Stewart},
  title     = {Calculus: Early Transcendentals},
  edition   = {8th Ed},
  year      = {2016},
  publisher = {Cengage Learning},
}

@misc{IoT,
    author = {Internet Society},
    title  = {The Internet of Things (IoT): An Overview},
    url    = {https://www.internetsociety.org/resources/doc/2015/iot-overview/},
    note   = {Erişim Tarihi: 2025-01-04}
}

@misc{IoT2forecast,
    author = {Transforma Insights},
    title  = {Global IoT Forecast Report, 2023-2033},
    url    = {https://transformainsights.com/research/reports/global-iot-forecast-report-2023-2033},
    note = {Erişim Tarihi: 2025-01-04}
}

@inproceedings{BigData,
  author={S. Sagiroglu and D. Sinanc},
  booktitle={2013 International Conference on Collaboration Technologies and Systems (CTS)}, 
  title={Big data: A review}, 
  location={San Diego, CA, USA},
  year={2013},
  pages={42-47}
}

@unpublished{IEC_60559_2020,
  title        = {},
  author       = {Microprocessors},
  year         = {2020},
  note         = {IEC 60559}
}

@unpublished{IEC_60824_1988,
  title        = {},
  author       = {Standard for Microprocessor Terminology},
  year         = {1988},
  note         = {IEC 60824}
}

@unpublished{TS_EN_IEC_62368_1,
  title        = {},
  author       = {Audio/Video, Information and Communication Technology Equipment - Part 1: Safety Requirements},
  note         = {TS EN IEC 62368-1}
}

@unpublished{TS_ISO_IEC_25010,
  title        = {},
  author       = {Systems and Software Engineering - Systems and Software Quality Requirements and Evaluation (SQuaRE) - Product Quality Model},
  note         = {TS ISO/IEC 25010}
}

@unpublished{IEEE_1016_2009,
  title        = {},
  author       = {Software Design Descriptions},
  year         = {2009},
  note         = {IEEE 1016}
}

@unpublished{TS_ISO_IEC_25019,
  title        = {},
  author       = {Systems and Software Engineering - Systems and Software Quality Requirements and Evaluation (SQuaRE) - Quality-in-use Model},
  note         = {TS ISO/IEC 25019}
}

@unpublished{IEC_61508,
  title        = {},
  author       = {Functional Safety},
  note         = {IEC 61508}
}

@inproceedings{zhang2014improving,
  author       = {X. Zhang, J. Trmal, D. Povey and S. Khudanpur},
  title        = {Improving Deep Neural Network Acoustic Models Using Generalized Maxout Networks},
  booktitle    = {Proceedings of the IEEE International Conference on Acoustics, Speech and Signal Processing (ICASSP)},
  location     = {Florence, Italy},
  year         = {2014},
  pages        = {215--219},
  doi          = {10.1109/ICASSP.2014.6853589},
}


